<?xml version="1.0" encoding="UTF-8"?><collection xmlns="http://www.loc.gov/MARC21/slim"><record><leader>00404nam--2200121-i-4500</leader><controlfield tag="001">000001873</controlfield><controlfield tag="002">20161230</controlfield><controlfield tag="005">20161230201024</controlfield><controlfield tag="008">060222s1000------------r-----000-0-eng-d</controlfield><datafield ind1=" " ind2=" " tag="100"><subfield code="a">Golan, S., Siegel, S., Stoker, D.J</subfield></datafield><datafield ind1=" " ind2=" " tag="245"><subfield code="a">Uranium utilization patterns in a free and expanding nuclear economy based on sodium cooled reactors</subfield></datafield><datafield ind1=" " ind2=" " tag="260"><subfield code="a">/Canoga Park?, Atomics International, 1962. 17 P</subfield></datafield><datafield ind1=" " ind2=" " tag="852"><subfield code="a">18164</subfield></datafield></record></collection>